@article{some:article,
    author      = {First Author and Second Author},
    title       = {An Article Title},
    journal     = {An Interesting Journal},
    volume      = {1},
    number      = {2},
    year        = {2004},
    month       = {1},
    pages       = {1--2},
}
